@string{AVC88 = "Proc. 4th Alvey Vision Conf., Manchester"}
@string{PAMI = "{IEEE} Transactions on Pattern Analysis and Machine Intelligence"}
@string{IJCV = "International Journal of Computer Vision"}

@book{BarShalom:Fortmann:88,
	author = "Y. Bar-Shalom and T. E. Fortmann",
	title = "Tracking and Data Association",
	publisher = "Academic Press",
	year = 1988,
}

@article{Marquardt:JSIAM63,
	author = "D. W. Marquardt",
	title = "An Algorithm for Least-squares Estimation of Nonlinear Parameters",
	journal = "Journal of the Society for Industrial and Applied Mathematics",
	year = 1963,
	volume = 11,
        pages = "431--441",
}

@book{Press:etal:88,
	title = "Numerical Recipes in C",
	author = "W.H. Press and B.P. Flannery and S.A. Teukolsky and W.T. Vetterling",
	publisher = "Cambridge University Press",
	year = 1988,
}

@book{Bjorck:96,
      author={{\AA}ke Bj\"orck},
      title="Numerical Methods for Least Squares Problems",
      publisher="SIAM Press",
      address="Philadelphia, PA",
      year="1996",
}

@book{Slama:etal:PHOTOG80,
	editor = "C.C. Slama and C. Theurer and S.W. Henriksen",
	title = "Manual of Photogrammetry",
	publisher = "American Society of Photogrammetry",
	year = 1980,
}

@article{Luong:Faugeras:IJCV96,
        author = "Q.--T. Luong and O.D. Faugeras",
        title = "The Fundamental matrix: theory, algorithms, and stability analysis",
        journal = IJCV,
        volume = 17,
        number = 1,
        pages = "43--76",
        year = 1996
}

@book{Faugeras:93,
	author="O.D. Faugeras",
	title="Three-Dimensional Computer Vision",
	publisher="MIT Press",
	year=1993,
}

@article{Canny:PAMI86,
        author = {J. Canny},
	title = {A computational approach to edge detection},
        journal = {IEEE Trans. Pattern Analysis and Machine Intelligence},
        volume = {8},
        number = {6},
	pages = {679--698},
        year = 1986
}

@article{Taylor:Kriegman:PAMI95,
        AUTHOR = "Taylor, C.J. and Kriegman, D.J.",
        TITLE = "Structure and Motion from Line Segments in Multiple Images",
        JOURNAL = PAMI,
        VOLUME = 17,
        YEAR = 1995,
        NUMBER = 11,
        MONTH = nov,
        PAGES = "1021--1032"
}

@article{Pennec:Thirion:IJCV97,
        AUTHOR = "Pennec, X. and Thirion, J.P.",
        TITLE = "A Framework for Uncertainty and Validation of 3-D
Registration Methods Based On Points And Frames",
        journal = IJCV,
        VOLUME = 25,
        YEAR = 1997,
        NUMBER = 3,
        MONTH = dec,
        PAGES = "203--229"
}

@techreport{Fleck:TR94,
        AUTHOR = "Fleck, M.",
        TITLE = "Perspective Projection: The Wrong Imaging Model",
        YEAR = 1994,
        NUMBER = "95-01",
	INSTITUTION = "Computer Science, University of Iowa",
}

@inproceedings{Harris:Stephens:ALVEY88,
    author = "C.  J. Harris and M. Stephens",
    title = "A Combined Corner and Edge Detector",
    booktitle = AVC88,
    year = 1988,
    pages = "147--151",
}
